%% 参考文献数据库
% 2018CVPR
@INPROCEEDINGS{PointNetVLAD,
  author={Uy, Mikaela Angelina and Lee, Gim Hee},
  booktitle={IEEE/CVF Conference on Computer Vision and Pattern Recognition}, 
  title={PointNetVLAD: Deep point cloud based retrieval for large-scale place recognition}, 
  year={2018},
  pages={4470-4479},
  publisher={IEEE},
  address={Salt Lake City, USA}
}

@ARTICLE{ICP,
  author={Besl, P.J. and McKay, Neil D.},
  journal={IEEE Transactions on Pattern Analysis and Machine Intelligence}, 
  title={A method for registration of 3-D shapes}, 
  year={1992},
  volume={14},
  number={2},
  pages={239-256}}

@article{1998,
  title = {New algorithms for 2D and 3D point matching: pose estimation and correspondence},
  journal = {Pattern Recognition},
  volume = {31},
  number = {8},
  pages = {1019-1031},
  year = {1998},
  issn = {0031-3203},
  author = {Steven Gold and Anand Rangarajan and Chien-Ping Lu and Suguna Pappu and Eric Mjolsness}
}

% 2013ICCV
@INPROCEEDINGS{Go-ICP,
  author={Yang, Jiaolong and Li, Hongdong and Jia, Yunde},
  booktitle={IEEE/CVF International Conference on Computer Vision}, 
  title={Go-ICP: Solving 3D registration efficiently and globally optimally}, 
  year={2013},
  pages={1457-1464},
  publisher={IEEE},
  address={Sydney, Australia}}

@article{Almohamad,
  title={A linear programming approach for the weighted graph matching problem},
  author={Almohamad, HA and Duffuaa, Salih O},
  journal={IEEE Transactions on pattern analysis and machine intelligence},
  volume={15},
  number={5},
  pages={522-525},
  year={1993},
  publisher={IEEE}
}

@ARTICLE{CSGM,
  author={Huang, Xiaoshui and Zhang, Jian and Fan, Lixin and Wu, Qiang and Yuan, Chun},
  journal={IEEE Transactions on Image Processing}, 
  title={A systematic approach for cross-source point cloud registration by preserving macro and micro structures}, 
  year={2017},
  volume={26},
  number={7},
  pages={3261-3276}}

% 2012CVPR
@INPROCEEDINGS{FGM,
  author={Zhou, Feng and De la Torre, Fernando},
  booktitle={IEEE/CVF Conference on Computer Vision and Pattern Recognition}, 
  title={Factorized graph matching}, 
  year={2012},
  volume={},
  number={},
  pages={127-134},
  publisher={IEEE},
  address={Providence, USA}}

% 2005ICCV
@INPROCEEDINGS{Leordeanu,
  author={Leordeanu, M. and Hebert, M.},
  booktitle={IEEE/CVF International Conference on Computer Vision}, 
  title={A spectral technique for correspondence problems using pairwise constraints}, 
  year={2005},
  pages={1482-1489},
  publisher={IEEE},
  address={Beijing, China}}

@ARTICLE{CPD,
  author={Myronenko, Andriy and Song, Xubo},
  journal={IEEE Transactions on Pattern Analysis and Machine Intelligence}, 
  title={Point set registration: coherent point drift}, 
  year={2010},
  volume={32},
  number={12},
  pages={2262-2275}}

@article{CH-GMM,
  title = {Convex hull indexed Gaussian mixture model for 3D point set registration},
  journal = {Pattern Recognition},
  volume = {59},
  pages = {126-141},
  year = {2016},
  note = {Compositional Models and Structured Learning for Visual Recognition},
  issn = {0031-3203},
  author = {Jingfan Fan and Jian Yang and Danni Ai and Likun Xia and Yitian Zhao and Xing Gao and Yongtian Wang}
}

%  2014ECCV
@inproceedings{JRMPC,
  title={A generative model for the joint registration of multiple point sets},
  author={Georgios D. Evangelidis and Dionyssos Kounades-Bastian and Radu Horaud and Emmanouil Z. Psarakis},
  booktitle={European Conference on Computer Vision},
  year={2014},
  publisher={IEEE},
  address={Zurich, Switzerland}
}

%  2019CVPR
@INPROCEEDINGS{PointNetLK,
  author={Aoki, Yasuhiro and Goforth, Hunter and Srivatsan, Rangaprasad Arun and Lucey, Simon},
  booktitle={IEEE/CVF Conference on Computer Vision and Pattern Recognition}, 
  title={PointNetLK: robust \& efficient point cloud registration ssing pointNet}, 
  year={2019},
  pages={7156-7165},  
  publisher={IEEE},
  address={Seoul, Korea}}

@article{LucasKanade,
  title={Lucas-Kanade 20 years on: A unifying framework},
  author={Simon Baker and Iain Matthews},
  journal={International Journal of Computer Vision},
  year={2004},
  volume={56},
  pages={221-255}
}

% 2018CVPR
@INPROCEEDINGS{PPF,
  author={Deng, Haowen and Birdal, Tolga and Ilic, Slobodan},
  booktitle={IEEE/CVF Conference on Computer Vision and Pattern Recognition}, 
  title={PPFNet: Global context aware local features for robust 3D point matching}, 
  year={2018},
  volume={},
  number={},
  pages={195-205},  
  publisher={IEEE},
  address={Salt Lake City, USA}}

% ARXIV
@online{PCRNet,
  title={PCRNet: Point cloud registration network using pointNet encoding},
  author={Vinit Sarode and Xueqian Li and Hunter Goforth and Yasuhiro Aoki and Rangaprasad Arun Srivatsan and Simon Lucey and Howie Choset},
  journal={ArXiv},
  year={2019},
  volume={abs/1908.07906}
}

% 2020CVPR
@INPROCEEDINGS{FMR,
  author={Huang, Xiaoshui and Mei, Guofeng and Zhang, Jian},
  booktitle={IEEE/CVF Conference on Computer Vision and Pattern Recognition}, 
  title={Feature-Metric registration: A fast semi-Supervised approach for robust point cloud registration without correspondences}, 
  year={2020},
  pages={11363-11371},
  publisher={IEEE},
  address={Seattle, USA}}

% 2021ICCV
@INPROCEEDINGS{OMNet,
  author={Xu, Hao and Liu, Shuaicheng and Wang, Guangfu and Liu, Guanghui and Zeng, Bing},
  booktitle={IEEE/CVF International Conference on Computer Vision}, 
  title={OMNet: Learning overlapping mask for partial-to-partial point cloud registration}, 
  year={2021},
  pages={3112-3121},
  publisher={IEEE},
  address={Montreal, Canada}}

% 2017CVPR
@INPROCEEDINGS{PointNet,
  author={Charles, R. Qi and Su, Hao and Kaichun, Mo and Guibas, Leonidas J.},
  booktitle={IEEE/CVF Conference on Computer Vision and Pattern Recognition}, 
  title={PointNet: Deep learning on point sets for 3D classification and segmentation}, 
  year={2017},
  pages={77-85},
  publisher={IEEE},
  address={Honolulu, USA}}

@article{PointNet++,
  title={Pointnet++: Deep hierarchical feature learning on point sets in a metric space},
  author={Qi, Ruizhongtai and Yi, Li and Su, Hao and Guibas, Leonidas J},
  journal={Advances in Neural Information Processing Systems},
  pages={5099-5108},
  volume={30},
  year={2017}
}

% 2018ECCV
@InProceedings{3DFeat-Net,
  author={Yew, Zi Jian and Lee, Gim Hee},
  title={3DFeat-Net: Weakly supervised local 3D features for point cloud registration},
  booktitle={European Conference on Computer Vision},
  year={2018},
  publisher={Springer International Publishing},
  pages="630-646",
  isbn="978-3-030-01267-0",
  publisher={IEEE},
  address={Munich, Germany}
}

% 2019CVPR
@INPROCEEDINGS{PerfectMatch,
  author={Gojcic, Zan and Zhou, Caifa and Wegner, Jan D. and Wieser, Andreas},
  booktitle={IEEE/CVF Conference on Computer Vision and Pattern Recognition}, 
  title={The Perfect Match: 3D Point Cloud Matching With Smoothed Densities}, 
  year={2019},
  pages={5540-5549},
  publisher={IEEE},
  address={Long Beach, USA}}

@article{DGCNN,
  title={Dynamic graph cnn for learning on point clouds},
  author={Wang, Yue and Sun, Yongbin and Liu, Ziwei and Sarma, Sanjay E and Bronstein, Michael M and Solomon, Justin M},
  journal={Acm Transactions On Graphics},
  volume={38},
  number={5},
  pages={1--12},
  year={2019},
  publisher={ACM New York, NY, USA}
}

% 2019ICCV
@INPROCEEDINGS{KPConv,
  author={Thomas, Hugues and Qi, Charles R. and Deschaud, Jean-Emmanuel and Marcotegui, Beatriz and Goulette, François and Guibas, Leonidas},
  booktitle={IEEE/CVF International Conference on Computer Vision}, 
  title={KPConv: Flexible and deformable convolution for point clouds}, 
  year={2019},
  pages={6410-6419},
  publisher={IEEE},
  address={Seoul, Korea}}

% 2017CVPR
@INPROCEEDINGS{3DMatch,
  author={Zeng, Andy and Song, Shuran and Nießner, Matthias and Fisher, Matthew and Xiao, Jianxiong and Funkhouser, Thomas},
  booktitle={IEEE/CVF Conference on Computer Vision and Pattern Recognition}, 
  title={3DMatch: Learning local geometric descriptors from RGB-D reconstructions}, 
  year={2017},
  pages={199-208},
  publisher={IEEE},
  address={Honolulu, USA}}

% 2019ICCV
@INPROCEEDINGS{FCGF,
  author={Choy, Christopher and Park, Jaesik and Koltun, Vladlen},
  booktitle={IEEE/CVF International Conference on Computer Vision}, 
  title={Fully convolutional geometric features}, 
  year={2019},
  pages={8957-8965},
  publisher={IEEE},
  address={Seoul, Korea}}

% 2021CVPR
@inproceedings{SpinNet,
  title={Spinnet: Learning a general surface descriptor for 3d point cloud registration},
  author={Ao, Sheng and Hu, Qingyong and Yang, Bo and Markham, Andrew and Guo, Yulan},
  booktitle={IEEE/CVF Conference on Computer Vision and Pattern Recognition},
  pages={11753--11762},
  year={2021},
  publisher={IEEE},
  address={virtual}
}

% 2020CVPR
@INPROCEEDINGS{D3Feat,
  author={Bai, Xuyang and Luo, Zixin and Zhou, Lei and Fu, Hongbo and Quan, Long and Tai, Chiew-Lan},
  booktitle={IEEE/CVF Conference on Computer Vision and Pattern Recognition}, 
  title={D3Feat: Joint learning of dense detection and description of 3D local features}, 
  year={2020},
  pages={6358-6366},
  publisher={IEEE},
  address={Seattle, USA}}

% 2021CVPR
@INPROCEEDINGS{PREDATOR,
  author={Huang, Shengyu and Gojcic, Zan and Usvyatsov, Mikhail and Wieser, Andreas and Schindler, Konrad},
  booktitle={IEEE/CVF Conference on Computer Vision and Pattern Recognition}, 
  title={PREDATOR: Registration of 3D point clouds with low overlap}, 
  year={2021},
  pages={4265-4274},  
  publisher={IEEE},
  address={virtual}}

2021CVPR
@INPROCEEDINGS{PointDSC,
  author={Bai, Xuyang and Luo, Zixin and Zhou, Lei and Chen, Hongkai and Li, Lei and Hu, Zeyu and Fu, Hongbo and Tai, Chiew-Lan},
  booktitle={IEEE/CVF Conference on Computer Vision and Pattern Recognition}, 
  title={PointDSC: Robust point cloud registration using deep spatial consistency}, 
  year={2021},
  pages={15854-15864},
  publisher={IEEE},
  address={virtual}}

% 2019ICCV
@INPROCEEDINGS{DCP,
  author={Wang, Yue and Solomon, Justin},
  booktitle={IEEE/CVF International Conference on Computer Vision}, 
  title={Deep Closest Point: Learning representations for point cloud registration}, 
  year={2019},
  pages={3522-3531},
  publisher={IEEE},
  address={Seoul, Korea}}

% 2020ECCV
@inproceedings{IDAM,
  title={Iterative distance-aware similarity matrix convolution with mutual-supervised point elimination for efficient point cloud registration},
  author={Li, Jiahao and Zhang, Changhao and Xu, Ziyao and Zhou, Hangning and Zhang, Chi},
  booktitle={European Conference on Computer Vision},
  pages={378-394},
  year={2020},
  publisher={Springer},
  address={Glasgow, UK}
}

% 2020CVPR
@INPROCEEDINGS{DGR,
  author={Choy, Christopher and Dong, Wei and Koltun, Vladlen},
  booktitle={IEEE/CVF Conference on Computer Vision and Pattern Recognition}, 
  title={Deep global registration}, 
  year={2020},
  pages={2511-2520},
  publisher={IEEE},
  address={Seattle, USA}}

% 1987{Readings in Computer Vision}{726-740}
@article{RANSAC,
  title={Random sample consensus: a paradigm for model fitting with applications to image analysis and automated cartography},
  author={Fischler, Martin A and Bolles, Robert C},
  journal={Communications of the ACM},
  volume={24},
  number={6},
  pages={381--395},
  year={1981},
  publisher={ACM New York, NY, USA}
}

% 20203DV
@INPROCEEDINGS{Graphite,
  author={Saleh, Mahdi and Dehghani, Shervin and Busam, Benjamin and Navab, Nassir and Tombari, Federico},
  booktitle={International Conference on 3D Vision}, 
  title={Graphite: Graph-Induced feature extraction for point cloud registration}, 
  year={2020},
  pages={241-251},
  publisher={IEEE},
  address={virtual}}

@article{Attention,
  title={Attention is all you need},
  author={Vaswani, Ashish and Shazeer, Noam and Parmar, Niki and Uszkoreit, Jakob and Jones, Llion and Gomez, Aidan N and Kaiser, {\L}ukasz and Polosukhin, Illia},
  journal={Advances in Neural Information Processing Systems},
  volume={30},
  pages={5998-6008},
  year={2017}
}

% 2022CVPR
@INPROCEEDINGS{Geometric,
  author={Qin, Zheng and Yu, Hao and Wang, Changiian and Guo, Yulan and Peng, Yuxing and Xu, Kai},
  booktitle={IEEE/CVF Conference on Computer Vision and Pattern Recognition}, 
  title={Geometric transformer for fast and robust point cloud registration}, 
  year={2022},
  pages={11133-11142},
  publisher={IEEE},
  address={New Orleans, USA}}

% 2021ICCV
@InProceedings{Dope,
  author    = {Min, Taewon and Song, Chonghyuk and Kim, Eunseok and Shim, Inwook},
  title     = {Distinctiveness oriented positional equilibrium for point cloud registration},
  booktitle = {IEEE/CVF International Conference on Computer Vision },
  month     = {October},
  year      = {2021},
  pages     = {5490-5498},
  publisher={IEEE},
  address={Montreal, Canada}
}

% 2018AAAI
@INPROCEEDINGS{Deeper,
  author={Li, Qimai and Han, Zhichao and Wu, Xiao-Ming},
  booktitle={Proceedings of the AAAI Conference on Artificial Intelligence}, 
  title={Deeper Insights into Graph Convolutional Networks for Semi-Supervised Learning}, 
  year={2018},
  pages={3538-3545},
  publisher={AAAI Press},
  address={New Orleans, USA}
}

@article{Measuring, 
    title={Measuring and relieving the over-smoothing problem for graph neural networks from the topological view}, 
    volume={34}, 
    number={04}, 
    journal={Proceedings of the AAAI Conference on Artificial Intelligence}, 
    author={Chen, Deli and Lin, Yankai and Li, Wei and Li, Peng and Zhou, Jie and Sun, Xu}, 
    year={2020}, 
    month={Apr.}, 
    pages={3438-3445} 
}

@article{CoFiNet,
  title={Cofinet: Reliable coarse-to-fine correspondences for robust pointcloud registration},
  author={Yu, Hao and Li, Fu and Saleh, Mahdi and Busam, Benjamin and Ilic, Slobodan},
  journal={Advances in Neural Information Processing Systems},
  volume={34},
  pages={23872-23884},
  year={2021}
}

% 2022
@inproceedings{Hypothesize,
  title={You only hypothesize once: Point cloud registration with rotation-equivariant descriptors},
  author={Wang, Haiping and Liu, Yuan and Dong, Zhen and Wang, Wenping},
  booktitle={Proceedings of the 30th ACM International Conference on Multimedia},
  pages={1630-1641},
  year={2022},
  publisher={IEEE},
  address={Lisboa, Portugal}
}

@article{Temporal,
  title={Temporal-channel transformer for 3d lidar-based video object detection for autonomous driving},
  author={Yuan, Zhenxun and Song, Xiao and Bai, Lei and Wang, Zhe and Ouyang, Wanli},
  journal={IEEE Transactions on Circuits and Systems for Video Technology},
  volume={32},
  number={4},
  pages={2068-2078},
  year={2021},
  publisher={IEEE}
}

% 2019CVPR
@INPROCEEDINGS{L3Net,
  author={Lu, Weixin and Zhou, Yao and Wan, Guowei and Hou, Shenhua and Song, Shiyu},
  booktitle={IEEE/CVF Conference on Computer Vision and Pattern Recognition}, 
  title={L3-Net: Towards learning based LiDAR localization for autonomous driving}, 
  year={2019},
  pages={6382-6391},
  publisher={IEEE},
  address={Long Beach, USA}
}

% 2018ICRA
@INPROCEEDINGS{IMLSSLAM,
  author={Deschaud, Jean-Emmanuel},
  booktitle={IEEE International Conference on Robotics and Automation}, 
  title={IMLS-SLAM: Scan-to-Model matching based on 3D data}, 
  year={2018},
  pages={2480-2485},
  publisher={IEEE},
  address={Brisbane, Australia}
}

@article{Positioning,
  title={Positioning and perception in LiDAR point clouds},
  author={Benedek, Csaba and Majdik, Andras and Nagy, Balazs and Rozsa, Zoltan and Sziranyi, Tamas},
  journal={Digital Signal Processing},
  volume={119},
  pages={103193},
  year={2021},
  publisher={Elsevier}
}

@ARTICLE{Generative_Adversarial,
  author={Tan, Lei and Lin, Xue and Niu, Dongmei and Wang, Daole and Yin, Miao and Zhao, Xiuyang},
  journal={IEEE Transactions on Circuits and Systems for Video Technology}, 
  title={Projected generative adversarial network for point cloud completion}, 
  year={2023},
  volume={33},
  number={2},
  pages={771-781}
}

@ARTICLE{Single_Image,
  author={Nguyen, Anh-Duc and Choi, Seonghwa and Kim, Woojae and Kim, Jongyoo and Oh, Heeseok and Kang, Jiwoo and Lee, Sanghoon},
  journal={IEEE Transactions on Neural Networks and Learning Systems}, 
  title={Single-Image 3D reconstruction: rethinking point cloud deformation}, 
  year={2022},
  volume={},
  number={},
  pages={1-15}
}

@ARTICLE{LPOT,
  author={Wang, Gang},
  journal={IEEE Transactions on Neural Networks and Learning Systems}, 
  title={LPOT: Locality-Preserving gromov-wasserstein discrepancy for nonrigid point set registration}, 
  year={2022},
  pages={1-13}
}

@ARTICLE{Birds_Stone,
  author={Gu, Changjun and Cong, Yang and Sun, Gan},
  journal={IEEE Transactions on Instrumentation and Measurement}, 
  title={Three Birds, One Stone: Unified laser-based 3D reconstruction across different media}, 
  year={2021},
  volume={70},
  number={},
  pages={1-12}
}

@ARTICLE{INENet,
  author={Wu, Yue and Zhang, Yue and Fan, Xiaolong and Gong, Maoguo and Miao, Qiguang and Ma, Wenping},
  journal={IEEE Transactions on Circuits and Systems for Video Technology}, 
  title={INENet: Inliers estimation network with similarity learning for partial overlapping registration}, 
  year={2023},
  volume={33},
  number={3},
  pages={1413-1426}
}

@ARTICLE{Task_specific,
  author={Zhang, Zhiyuan and Dai, Yuchao and Fan, Bin and Sun, Jiadai and He, Mingyi},
  journal={IEEE Transactions on Circuits and Systems for Video Technology}, 
  title={Learning a task-specific descriptor for robust matching of 3D point clouds}, 
  year={2022},
  volume={32},
  number={12},
  pages={8462-8475}
  }

@ARTICLE{RANSAC_Hypotheses,
  author={Yang, Jiaqi and Huang, Zhiqiang and Quan, Siwen and Zhang, Qian and Zhang, Yanning and Cao, Zhiguo},
  journal={IEEE Transactions on Circuits and Systems for Video Technology}, 
  title={Toward efficient and robust metrics for RANSAC hypotheses and 3D rigid registration}, 
  year={2022},
  volume={32},
  number={2},
  pages={893-906}
}

@article{Multilevel,
  title={Multilevel active registration for kinect human body scans: from low quality to high quality},
  author={Xu, Zongyi and Zhang, Qianni and Cheng, Shiyang},
  journal={Multimedia Systems},
  volume={24},
  number={3},
  pages={257-270},
  year={2018},
  publisher={Springer}
}

@article{Efficient,
  title={Efficient registration of high-resolution feature enhanced point clouds},
  author={Jauer, Philipp and Kuhlemann, Ivo and Bruder, Ralf and Schweikard, Achim and Ernst, Floris},
  journal={IEEE Transactions on Pattern Analysis and Machine Intelligence},
  volume={41},
  number={5},
  pages={1102--1115},
  year={2018},
  publisher={IEEE}
}

% 2015CVPR
@inproceedings{Adaptive,
  title={An adaptive data representation for robust point-set registration and merging},
  author={Campbell, Dylan and Petersson, Lars},
  booktitle={IEEE/CVF Conference on Computer Vision and Pattern Recognition},
  pages={4292-4300},
  year={2015},
  publisher={IEEE},
  address={Boston, USA}
}

@article{NMS,
  title={Distinctive image features from scale-invariant keypoints},
  author={Lowe, David G},
  journal={International Journal of Computer Vision},
  volume={60},
  number={2},
  pages={91-110},
  year={2004},
  publisher={Springer}
}

@article{KITTI,
  author = {A Geiger and P Lenz and C Stiller and R Urtasun},
  title ={Vision meets robotics: The KITTI dataset},
  journal = {The International Journal of Robotics Research},
  volume = {32},
  number = {11},
  pages = {1231-1237},
  year = {2013}
}

% 2020CVPR
@inproceedings{Superglue,
  title={Superglue: Learning feature matching with graph neural networks},
  author={Sarlin, Paul-Edouard and DeTone, Daniel and Malisiewicz, Tomasz and Rabinovich, Andrew},
  booktitle={IEEE/CVF Conference on Computer Vision and Pattern Recognition},
  pages={4938-4947},
  year={2020},
  publisher={IEEE},
  address={Seattle, USA}
}

% 2018CVPR
@INPROCEEDINGS{FPointNet,
  author={Qi, Charles R. and Liu, Wei and Wu, Chenxia and Su, Hao and Guibas, Leonidas J.},
  booktitle={IEEE/CVF Conference on Computer Vision and Pattern Recognition}, 
  title={Frustum pointNets for 3D object detection from RGB-D data}, 
  year={2018},
  pages={918-927},
  publisher={IEEE},
  address={Salt Lake City, USA}}

% 2019IROS
@INPROCEEDINGS{F-ConvNet,
  author={Wang, Zhixin and Jia, Kui},
  booktitle={IEEE/RSJ International Conference on Intelligent Robots and Systems}, 
  title={Frustum ConvNet: Sliding frustums to aggregate local point-wise features for amodal 3D object detection}, 
  year={2019},
  pages={1742-1749},
  publisher={IEEE},
  address={Macau, China}}

% 2020CVPR
@INPROCEEDINGS{9156790,
  author={Vora, Sourabh and Lang, Alex H. and Helou, Bassam and Beijbom, Oscar},
  booktitle={IEEE/CVF Conference on Computer Vision and Pattern Recognition}, 
  title={PointPainting: Sequential fusion for 3D object detection}, 
  year={2020},
  volume={},
  number={},
  pages={4603-4611},
  publisher={IEEE},
  address={Seattle, USA}}

% 2016CVPR
@INPROCEEDINGS{7780605,
  author={Chen, Xiaozhi and Kundu, Kaustav and Zhang, Ziyu and Ma, Huimin and Fidler, Sanja and Urtasun, Raquel},
  booktitle={IEEE Conference on Computer Vision and Pattern Recognition}, 
  title={Monocular 3D object detection for autonomous driving}, 
  year={2016},
  pages={2147-2156},
  publisher={IEEE},
  address={Las Vegas, USA}}

% 2017CVPR
@INPROCEEDINGS{8100174,
  author={Chen, Xiaozhi and Ma, Huimin and Wan, Ji and Li, Bo and Xia, Tian},
  booktitle={IEEE Conference on Computer Vision and Pattern Recognition}, 
  title={Multi-view 3D object detection network for autonomous driving}, 
  year={2017},
  pages={6526-6534},
  publisher={IEEE},
  address={Honolulu, USA}}

% 2018IROS
@INPROCEEDINGS{8594049,
  author={Ku, Jason and Mozifian, Melissa and Lee, Jungwook and Harakeh, Ali and Waslander, Steven L.},
  booktitle={IEEE/RSJ International Conference on Intelligent Robots and Systems}, 
  title={Joint 3D proposal generation and object detection from view aggregation}, 
  year={2018},
  pages={1-8},
  publisher={IEEE},
  address={Madrid, Spain}}

@ARTICLE{LCDNet,
  author={Cattaneo, Daniele and Vaghi, Matteo and Valada, Abhinav},
  journal={IEEE Transactions on Robotics}, 
  title={LCDNet: Deep loop closure detection and point cloud registration for LiDAR SLAM}, 
  year={2022},
  volume={38},
  number={4},
  pages={2074-2093}}

@article{文物,
  title={文物点云模型的优化配准算法},
  author={赵夫群 and 周明全},
  journal={计算机应用研究},
  volume={34},
  number={12},
  pages={4},
  year={2017},
}

@article{逆向工程,
  title={双目立体机器视觉检测系统及其应用},
  author={宋丽梅},
  journal={西南科技大学学报},
  volume={21},
  number={1},
  pages={30--34},
  year={2006}
}

@article{Map-matching,
  title={Map-matching algorithms for robot self-localization: a comparison between perfect match, iterative closest point and normal distributions transform},
  author={Sobreira, H{\'e}ber and Costa, Carlos M and Sousa, Ivo and Rocha, Luis and Lima, Jos{\'e} and Farias, PCMA and Costa, Paulo and Moreira, A Paulo},
  journal={Intelligent \& Robotic Systems},
  volume={93},
  pages={533--546},
  year={2019},
  publisher={Springer}
}

% 2019ICCV
@InProceedings{LPD,
  author = {Liu, Zhe and Zhou, Shunbo and Suo, Chuanzhe and Yin, Peng and Chen, Wen and Wang, Hesheng and Li, Haoang and Liu, Yun-Hui},
  title = {LPD-Net: 3D point cloud learning for large-scale place recognition and environment analysis},
  booktitle = {IEEE/CVF International Conference on Computer Vision},
  month = {October},
  year = {2019},
  publisher={IEEE},
  address={Seoul, Korea},
  pages={2831-2840}
}

@article{2015review,
  title={A review of point cloud registration algorithms for mobile robotics},
  author={Pomerleau, Fran{\c{c}}ois and Colas, Francis and Siegwart, Roland and others},
  journal={Foundations and Trends{\textregistered} in Robotics},
  volume={4},
  number={1},
  pages={1-104},
  year={2015},
  publisher={Now Publishers, Inc.}
}

% 2022CVPR
@inproceedings{Deepfusion,
  title={Deepfusion: Lidar-camera deep fusion for multi-modal 3d object detection},
  author={Li, Yingwei and Yu, Adams Wei and Meng, Tianjian and Caine, Ben and Ngiam, Jiquan and Peng, Daiyi and Shen, Junyang and Lu, Yifeng and Zhou, Denny and Le, Quoc V and others},
  booktitle={IEEE/CVF Conference on Computer Vision and Pattern Recognition},
  pages={17182-17191},
  year={2022},
  address={New Orleans, USA}
}